@misc{spectrum128-manual:c8pt24,
    author = "{Sinclair Research}",
    title = "ZX Spectrum +3 manual, chapter 8, part 24",
    year = "2022",
    howpublished = "\url{https://worldofspectrum.org/ZXSpectrum128+3Manual/chapter8pt24.html}",
    note = "[Online; accessed 7-March-2022]"
  }
